%% This BibTeX bibliography file was created using BibDesk.
%% http://bibdesk.sourceforge.net/

%% Created for Natasha Godkin at 2018-04-06 16:37:25 -0400 


%% Saved with string encoding Unicode (UTF-8) 



@article{huang,
	Author = {F. L. Huang and T. R. Moon and R. Boren},
	Date-Added = {2018-04-06 20:35:24 +0000},
	Date-Modified = {2018-04-06 20:36:55 +0000},
	Journal = {Reading and Writing Quarterly},
	Number = {2},
	Pages = {95-115},
	Title = {Are the reading rich getting richer? Testing for the presence of the Matthew effect},
	Volume = {30},
	Year = {2014},
	Doi={10.1080/10573569.2013.789784}}

@article{protopapas,
	Author = {A. Protopapas and G. D. Sideridis and A. Mouzaki and P. Simons},
	Date-Added = {2018-04-06 20:33:15 +0000},
	Date-Modified = {2018-04-06 20:35:22 +0000},
	Journal = {Journal of Learning Disabilities},
	Number = {5},
	Pages = {402-420},
	Title = {Matthew effects in reading comprehension: Myth or reality?},
	Volume = {44},
	Year = {2011},
	Doi={10.1177/0022219411417568}}

@book{vygotsky,
	Author = {L. S. Vygotsky},
	Date-Added = {2018-04-06 20:32:20 +0000},
	Date-Modified = {2018-04-06 20:33:12 +0000},
	Publisher = {Harvard University Press},
	address={Cambridge, MA},
	Title = {Mind in society: The development of higher psychological processes},
	Year = {1980}}

@article{borkowski,
	Author = {J. G. Borkowski and V. A Peck},
	Date-Added = {2018-04-06 20:30:39 +0000},
	Date-Modified = {2018-04-06 20:32:17 +0000},
	Journal = {Conceptions of giftedness},
	Pages = {182-200},
	Title = {Causes and consequences of metamemory in gifted children},
	Year = {1986}}

@article{ceci,
	Author = {J. S. Ceci and P. B. Papierno},
	Date-Added = {2018-04-06 20:27:30 +0000},
	Date-Modified = {2018-04-06 20:29:07 +0000},
	Journal = {American Psychologist},
	Number = {2},
	Pages = {149},
	Title = {The rhetoric and reality of gap closing: when the" have-nots" gain but the" haves" gain even more},
	Volume = {60},
	Year = {2005},
	Doi={10.1037/0003-066X.60.2.149}}
	
@article{merton,
  title={The Matthew effect in science: The reward and communication systems of science are considered},
  author={Merton, Robert K},
  journal={Science},
  volume={159},
  number={3810},
  pages={56--63},
  year={1968},
  Doi={10.1126/science.159.3810.56},
  publisher={American Association for the Advancement of Science}
}

@article{zuckerman,
  title={Theory choice and problem choice in science},
  author={Zuckerman, Harriet},
  journal={Sociological inquiry},
  volume={48},
  number={3-4},
  pages={65--95},
  year={1965},
  Doi={10.1111/j.1475-682X.1978.tb00819.x},
  publisher={Wiley Online Library}
}

@article{borkowski,
  title={Causes and consequences of metamemory in gifted children},
  author={Borkowski, John G and Peck, Virginia A},
  journal={Conceptions of giftedness},
  pages={182--200},
  year={1986}
}

@book{plucker,
  title={Excellence Gaps in Education: Expanding Opportunities for Talented Students.},
  author={Plucker, Jonathan A and Peters, Scott J},
  year={2016},
  publisher={Harvard Education Press},
  address={Cambridge, MA.}
}

@book{mccarthy,
  title={The language development of the preschool child.},
  author={McCarthy, Dorothea Agnes},
  year={1930},
  publisher={University of Minnesota Press},
  address={Oxford, England}
}

@article{rambo,
  title={High-achieving and average students? reading growth: Contrasting school and summer trajectories},
  author={Rambo-Hernandez, Karen E and McCoach, D Betsy},
  journal={The Journal of Educational Research},
  volume={108},
  number={2},
  pages={112--129},
  year={2015},
  Doi={10.1080/00220671.2013.850398},
  publisher={Taylor \& Francis}
}

@misc{makel,
  title={How can so many students be invisible? Large percentages of American students perform above grade level},
  author={Makel, MC and Matthews, MS and Peters, SJ and Rambo-Hernandez, K and Plucker, JA},
  year={2016},
  publisher={Baltimore, MD: Johns Hopkins Institute for Education Policy.}, 
  url={http://edpolicy.education.jhu.edu/wp-content/uploads/2016/08/StudentsinvisiblemastheadFINAL.pdf}
}

@book{mayo,
  title={Error and the growth of experimental knowledge},
  author={Mayo, Deborah G},
  year={1996},
  publisher={University of Chicago Press},
  address={Chicago}
}